<record><leader>00000cas a2200000 a 4500</leader><controlfield tag="001">11016048</controlfield><controlfield tag="008">840802d18371841tnudn ne      0    0eng c</controlfield><datafield ind1=" " ind2=" " tag="010"><subfield code="a">sn 84024451 </subfield></datafield><datafield ind1=" " ind2=" " tag="040"><subfield code="a">NPV</subfield><subfield code="b">eng</subfield><subfield code="c">NPV</subfield><subfield code="d">DLC</subfield><subfield code="d">NPX</subfield><subfield code="d">KNP</subfield><subfield code="d">NYS</subfield><subfield code="d">KNP</subfield><subfield code="d">TGN</subfield><subfield code="d">OCL</subfield><subfield code="d">DLC</subfield><subfield code="d">TXA</subfield><subfield code="d">OCLCQ</subfield><subfield code="d">OCLCF</subfield><subfield code="d">OCLCO</subfield></datafield><datafield ind1="1" ind2=" " tag="029"><subfield code="a">AU@</subfield><subfield code="b">000020119680</subfield></datafield><datafield ind1=" " ind2=" " tag="042"><subfield code="a">pcc</subfield></datafield><datafield ind1=" " ind2=" " tag="043"><subfield code="a">n-us-tn</subfield></datafield><datafield ind1="0" ind2="0" tag="050"><subfield code="a">Newspaper 9863</subfield></datafield><datafield ind1="0" ind2="0" tag="245"><subfield code="a">Daily republican banner.</subfield></datafield><datafield ind1="1" ind2="3" tag="246"><subfield code="a">Republican banner</subfield></datafield><datafield ind1=" " ind2=" " tag="260"><subfield code="a">Nashville, T[enn]. :</subfield><subfield code="b">S. Nye and A.A. Hall,</subfield><subfield code="c">1837-1841.</subfield></datafield><datafield ind1=" " ind2=" " tag="300"><subfield code="a">v. :</subfield><subfield code="b">ill. (chiefly advertisements) ;</subfield><subfield code="c">53 cm.</subfield></datafield><datafield ind1=" " ind2=" " tag="310"><subfield code="a">Daily (except Sun.)</subfield></datafield><datafield ind1="0" ind2=" " tag="362"><subfield code="a">Vol. 25, no. 1771 (Aug. 22, 1837)-v. 29, no. 3106 (Dec. 31, 1841).</subfield></datafield><datafield ind1=" " ind2=" " tag="500"><subfield code="a">Published a triweekly ed. (title unknown).</subfield></datafield><datafield ind1=" " ind2=" " tag="530"><subfield code="a">Available on microfilm from Tennessee State Library and Archives.</subfield></datafield><datafield ind1=" " ind2=" " tag="580"><subfield code="a">Formed by the union of: National banner and Nashville Whig (Nashville, Tenn. : Semiweekly), and: Republican banner (Nashville, Tenn. : Triweekly).</subfield></datafield><datafield ind1=" " ind2="0" tag="651"><subfield code="a">Davidson County (Tenn.)</subfield><subfield code="v">Newspapers.</subfield></datafield><datafield ind1=" " ind2="0" tag="651"><subfield code="a">Nashville (Tenn.)</subfield><subfield code="v">Newspapers.</subfield></datafield><datafield ind1=" " ind2="7" tag="655"><subfield code="a">Newspapers.</subfield><subfield code="2">fast</subfield><subfield code="0">(OCoLC)fst01423814</subfield></datafield><datafield ind1=" " ind2="7" tag="651"><subfield code="a">Tennessee</subfield><subfield code="z">Davidson County.</subfield><subfield code="2">fast</subfield><subfield code="0">(OCoLC)fst01205346</subfield></datafield><datafield ind1=" " ind2="7" tag="651"><subfield code="a">Tennessee</subfield><subfield code="z">Nashville.</subfield><subfield code="2">fast</subfield><subfield code="0">(OCoLC)fst01204195</subfield></datafield><datafield ind1=" " ind2=" " tag="752"><subfield code="a">United States</subfield><subfield code="b">Tennessee</subfield><subfield code="c">Davidson</subfield><subfield code="d">Nashville.</subfield></datafield><datafield ind1="0" ind2=" " tag="775"><subfield code="t">Republican banner (Nashville, Tenn. : Weekly)</subfield><subfield code="w">(DLC)sn 84024453</subfield></datafield><datafield ind1="0" ind2="8" tag="776"><subfield code="i">Online version:</subfield><subfield code="t">Daily republican banner</subfield><subfield code="w">(DLC)  2012263136</subfield><subfield code="w">(OCoLC)794979862</subfield></datafield><datafield ind1="1" ind2="4" tag="780"><subfield code="t">National banner and Nashville Whig (Nashville, Tenn. : Semiweekly)</subfield><subfield code="w">(DLC)sn 85033693</subfield></datafield><datafield ind1="1" ind2="4" tag="780"><subfield code="t">Nashville republican (Nashville, Tenn. : Triweekly)</subfield><subfield code="w">(DLC)sn 86053523</subfield><subfield code="w">(OCoLC)13783382</subfield></datafield><datafield ind1="0" ind2="0" tag="785"><subfield code="t">Republican banner (Nashville, Tenn. : Triweekly)</subfield><subfield code="w">(DLC)sn 84024196</subfield><subfield code="w">(OCoLC)11203630</subfield></datafield><datafield ind1="4" ind2="1" tag="856"><subfield code="u">http://search.proquest.com/hnpnashvilletennessean/publicationbrowse/Main/</subfield></datafield></record>